<?xml version="1.0" encoding="UTF-8" ?>
<record Numero="13959296" format="InterXMarc_Complet" type="Authority">
<leader>00336c1 au22000272  45  <Pos Code="0004">00336</Pos>
<Pos Code="05" Sens="notice modifiée">c</Pos>
<Pos Code="06" Sens="notice validée en catalogage courant">1</Pos>
<Pos Code="08" Sens="notice d&apos;autorité">a</Pos>
<Pos Code="09" Sens="titre uniforme musical (TUM)">u</Pos>
<Pos Code="10">2</Pos>
<Pos Code="11">2</Pos>
<Pos Code="1216">00027</Pos>
<Pos Code="17" Sens="autres cas">2</Pos>
<Pos Code="20">4</Pos>
<Pos Code="21">5</Pos>
</leader>
<controlfield tag="001">FRBNF139592962<Pos Code="0001">FR</Pos>
<Pos Code="0204">BNF</Pos>
<Pos Code="0512">13959296</Pos>
<Pos Code="13">2</Pos>
</controlfield>
<controlfield tag="008">931105010914yy    dui       1989      ....                   1   <Pos Code="0001">93</Pos>
<Pos Code="0203">11</Pos>
<Pos Code="0405">05</Pos>
<Pos Code="0607">01</Pos>
<Pos Code="0809">09</Pos>
<Pos Code="1011">14</Pos>
<Pos Code="1213" Sens="ne s&apos;applique pas">yy</Pos>
<Pos Code="1820" Sens="duo instrumental">dui</Pos>
<Pos Code="2831">1989</Pos>
<Pos Code="3841">....</Pos>
<Pos Code="61" Sens="La vedette peut être liée à une notice bibliographique sauf pour l&apos;accès matière RAMEAU">1</Pos>
</controlfield>
<datafield tag="048" ind1=" " ind2=" ">
	<subfield code="a">sa02<Pos Code="0001" Sens="cordes frottées - violon">sa</Pos>
<Pos Code="02">0</Pos>
<Pos Code="03">2</Pos>
</subfield>
</datafield>
<datafield tag="100" ind1=" " ind2=" ">
	<subfield code="3">13898010</subfield>
	<subfield code="w"> 0  b     </subfield>
	<subfield code="a">Nono</subfield>
	<subfield code="m">Luigi</subfield>
	<subfield code="d">1924-1990</subfield>
</datafield>
<datafield tag="144" ind1="1" ind2=" ">
	<subfield code="w">....b.....</subfield>
	<subfield code="a">&quot;Hay que caminar&quot; soñando</subfield>
</datafield>
<datafield tag="600" ind1=" " ind2=" ">
	<subfield code="a">Date de composition : 1989</subfield>
</datafield>
<datafield tag="610" ind1=" " ind2=" ">
	<subfield code="a">Internet</subfield>
	<subfield code="u">http://mac-texier.ircam.fr</subfield>
	<subfield code="d">2001-09-14</subfield>
</datafield>
<datafield tag="917" ind1=" " ind2=" ">
	<subfield code="o">OPC</subfield>
	<subfield code="a">100904220</subfield>
</datafield>
<Attr Nom="IDPerenne">ark:/12148/cb13959296r</Attr>
<Attr Nom="NumSource">OPC 100904220</Attr>
<Attr Nom="Source" Sens="BnF catalogue général (depuis 1999)">A</Attr>
<Attr Nom="NumAutoriteLiee">13898010</Attr>
<Attr Nom="DateCreation">05/11/ 1993</Attr>
<Attr Nom="ResponsableCreation">MIGV2</Attr>
<Attr Nom="StructCreation">1</Attr>
<Attr Nom="DateDerniereValidation">08/11/ 2010</Attr>
<Attr Nom="ResponsableDerniereValidation">MIGV4</Attr>
<Attr Nom="StructPremiereValidation">1</Attr>
<Attr Nom="DatePremiereValidation">05/11/ 1993</Attr>
<Attr Nom="ResponsablePremiereValidation">MIGV2</Attr>
<Attr Nom="StructDerniereValidation">1</Attr>
<Attr Nom="NumSource">OPP 14853547</Attr>
</record>
